@book{
	zon_ditta_2016,
    place={Toronto},
    title={Robot, Take the Wheel},
    publisher={Mowat Centre for Policy Innovation, University of Toronto},
    author={Zon, Noah and Ditta, Sara},
    year={2016}
}
@misc{	
	saej3106,
    title={J3016: Taxonomy and Definitions for Terms Related to On-Road Motor Vehicle Automated Driving Systems},
    url={https://www.sae.org/standards/content/j3016_201401},
    journal={SAE},
    year={2018}
}

 @misc{
 	baldwin_2017, 
    title={Audi takes its self-driving car where others dare not go}, 
    url={https://www.engadget.com/2017/07/11/audi-takes-its-self-driving-car-where-others-dare-not-go/}, 
    journal={Engadget}, 
    publisher={Engadget}, 
    author={Baldwin, Roberto},
    year={2017}, 
    month={Jul}
} 
@misc{
	fagella_2017, 
    title={Self-driving car timeline for 11 top automakers}, 
    url={https://venturebeat.com/2017/06/04/self-driving-car-timeline-for-11-top-automakers/}, 
    journal={VentureBeat}, 
    publisher={VentureBeat}, 
    author={Fagella, Dan}, 
    year={2017}, 
    month={Jun}
} 
@misc{
	leggett_2018, 
    title={Will we ever be able to trust self-driving cars?},
    url={http://www.bbc.com/news/business-42710215}, 
    journal={BBC News}, 
    publisher={BBC}, 
    author={Leggett, Theo}, 
    year={2018}, 
    month={Jan}
}
@misc{
	canpress_2017, 
    title={Half of Canadians trust self-driving cars, survey says},
    url={https://www.thestar.com/business/tech_news/2017/09/14/half-of-canadians-trust-self-driving-cars-survey-says.html}, 
    journal={thestar.com}, 
    publisher={Toronto Star}, 
    author={The Canadian Press}, 
    year={2017}, 
    month={Sep}
}
@misc{
	hawkins_2018, 
    title={Americans still deeply skeptical about driverless cars: poll}, 
    url={https://www.theverge.com/2018/1/12/16883510/self-driving-car-poll-congress-bill-safety},
    journal={The Verge}, 
    publisher={The Verge}, 
    author={Hawkins, Andrew J.},
    year={2018},
    month={Jan}
}

@misc{
	lyftdemo, 
    url={https://www.youtube.com/watch?v=eRISZlIFtBA},
    journal={YouTube},
    publisher={The Verge},
    author={The Verge},
    year={2018},
    month={Jan}
}

@misc{
	etherington_2017, 
    title={Waymo focuses on user experience, considers next steps}, 
    url={https://beta.techcrunch.com/2017/10/31/waymo-self-driving-ux/}, 
    journal={TechCrunch},
    publisher={TechCrunch}, 
    author={Etherington, Darrell}, 
    year={2017}, 
    month={Nov}
}

@misc{
	hutson_2017,
    title={People don't trust driverless cars. Researchers are trying to change that},
    url={http://www.sciencemag.org/news/2017/12/people-don-t-trust-driverless-cars-researchers-are-trying-change},
    journal={Science Mag},
    publisher={American Association for the Advancement of Science},
    author={Hutson, Matthew},
    year={2017},
    month={Dec}
}

@inproceedings{Walch2016,
 author = {Walch, Marcel and Sieber, Tobias and Hock, Philipp and Baumann, Martin and Weber, Michael},
 title = {Towards Cooperative Driving: Involving the Driver in an Autonomous Vehicle's Decision Making},
 booktitle = {Proceedings of the 8th International Conference on Automotive User Interfaces and Interactive Vehicular Applications},
 series = {Automotive'UI 16},
 year = {2016},
 isbn = {978-1-4503-4533-0},
 location = {Ann Arbor, MI, USA},
 pages = {261--268},
 numpages = {8},
 url = {http://doi.acm.org/10.1145/3003715.3005458},
 doi = {10.1145/3003715.3005458},
 acmid = {3005458},
 publisher = {ACM},
 address = {New York, NY, USA},
 keywords = {Automated driving, human factors, human-machine cooperation, multimodal interface, user study},
} 


@inproceedings{vanderHeiden2017,
 author = {van der Heiden, Remo M.A. and Iqbal, Shamsi T. and Janssen, Christian P.},
 title = {Priming Drivers Before Handover in Semi-Autonomous Cars},
 booktitle = {Proceedings of the 2017 CHI Conference on Human Factors in Computing Systems},
 series = {CHI '17},
 year = {2017},
 isbn = {978-1-4503-4655-9},
 location = {Denver, Colorado, USA},
 pages = {392--404},
 numpages = {13},
 url = {http://doi.acm.org/10.1145/3025453.3025507},
 doi = {10.1145/3025453.3025507},
 acmid = {3025507},
 publisher = {ACM},
 address = {New York, NY, USA},
 keywords = {automation, autonomous cars, handover, multitasking},
} 


@inproceedings{Helldin2013,
 author = {Helldin, Tove and Falkman, G\"{o}ran and Riveiro, Maria and Davidsson, Staffan},
 title = {Presenting System Uncertainty in Automotive UIs for Supporting Trust Calibration in Autonomous Driving},
 booktitle = {Proceedings of the 5th International Conference on Automotive User Interfaces and Interactive Vehicular Applications},
 series = {AutomotiveUI '13},
 year = {2013},
 isbn = {978-1-4503-2478-6},
 location = {Eindhoven, Netherlands},
 pages = {210--217},
 numpages = {8},
 url = {http://doi.acm.org.proxy.lib.uwaterloo.ca/10.1145/2516540.2516554},
 doi = {10.1145/2516540.2516554},
 acmid = {2516554},
 publisher = {ACM},
 address = {New York, NY, USA},
 keywords = {acceptance, automation, driving, trust, uncertainty visualization},
} 



@book{	
	saferoads_2018, 
    title={CARAVAN Public Opinion Poll: Driverless Cars}, 
    url={http://saferoads.org/wp-content/uploads/2018/01/AV-Poll-Report-January-2018-FINAL.pdf}, 
    journal={CARAVAN Public Opinion Poll: Driverless Cars}, 
    institution={Advocates for Highway and Auto Safety},
    author={Advocates for Highway and Auto Safety}, 
    year={2018}, 
    month={Jan}
}



@misc{
nhtsa_2018,
title={Automated Vehicles for Safety},
url={https://www.nhtsa.gov/technology-innovation/automated-vehicles-safety}, 
journal={Automated Vehicles for Safety}, 
publisher={NHTSA},
author={National Highway Traffic Safety Administration},
year={2018},
month={Feb}
}
@misc{
	shapiro_2018, 
    title={NVIDIA Powers Mercedes-Benz MBUX, Its Next-Gen AI Cockpit}, 
    url={https://blogs.nvidia.com/blog/2018/01/09/mercedes-ces-2018/},
    journal={The Official NVIDIA Blog}, 
    author={Shapiro, Danny}, 
    year={2018}, 
    month={Jan}
}

@misc{
	mbinnovations_2018, 
    title={Mercedes-Benz User Experience: Revolution in the cockpit.},
    url={https://www.mercedes-benz.com/en/mercedes-benz/innovation/mbux-mercedes-benz-user-experience-revolution-in-the-cockpit/}, 
    journal={Mercedes-Benz Innovations}, 
    publisher={Daimler AG},
    year={2018},
    month={Jan}
}
@inproceedings{akyol2000gesture,
  title={Gesture Control for Use in Automobiles.},
  author={Akyol, Suat and Canzler, Ulrich and Bengler, Klaus},
  url{https://pdfs.semanticscholar.org/fb51/6222c7c87f42872a28ff8fc74139447b1280.pdf}
}

@misc{continental, title={Continental Automotive Gesture Control System}, url={https://www.continental-automotive.com/en-gl/Passenger-Cars/Interior/Comfort-Security/Driver-Status/Gesture-Control}, journal={Continental Automotive - Gesture Control}, publisher={Continental AG}}




@inproceedings{CARLADosovitskiy17,
  title = {{CARLA}: {An} Open Urban Driving Simulator},
  author = {Alexey Dosovitskiy and German Ros and Felipe Codevilla and Antonio Lopez and Vladlen Koltun},
  booktitle = {Proceedings of the 1st Annual Conference on Robot Learning},
  pages = {1--16},
  year = {2017}
}